@article{fjlt,
  title={The fast Johnson-Lindenstrauss transform and approximate nearest neighbors},
  author={Ailon, Nir and Chazelle, Bernard},
  journal={SIAM Journal on Computing},
  volume={39},
  number={1},
  pages={302--322},
  year={2009},
  publisher={SIAM},
  url={https://www.cs.princeton.edu/~chazelle/pubs/FJLT-sicomp09.pdf}
}

@techreport{jlnotes,
  title={Johnson-lindenstrauss notes},
  author={Nelson, Jelani},
  year={2010},
  institution={Technical report, MIT-CSAIL},
  url={http://web.mit.edu/minilek/www/jl_notes.pdf}
}

@article{alon,
  title={Problems and results in extremal combinatorics, Part I},
  author={Alon, Noga},
  journal={Discrete Math},
  volume={273},
  pages={31--53},
  year={2003},
  url={http://www.tau.ac.il/~nogaa/PDFS/extremal1.pdf}
}

@incollection{kane,
  title={Almost optimal explicit Johnson-Lindenstrauss families},
  author={Kane, Daniel and Meka, Raghu and Nelson, Jelani},
  booktitle={Approximation, Randomization, and Combinatorial Optimization. Algorithms and Techniques},
  pages={628--639},
  year={2011},
  publisher={Springer},
  url={http://people.seas.harvard.edu/~minilek/papers/derand_jl.pdf}
}

@article{sparseJL,
  title={Sparser johnson-lindenstrauss transforms},
  author={Kane, Daniel M and Nelson, Jelani},
  journal={Journal of the ACM (JACM)},
  volume={61},
  number={1},
  pages={4},
  year={2014},
  publisher={ACM},
  url={https://arxiv.org/pdf/1012.1577v6.pdf}
}
